@online{scapy,
    author    = "Philippe Biondi",
    title     = "Scapy Documentation",
    url       = "https://scapy.readthedocs.io/en/latest/",
    urldate = {2020-12-28},
    keywords  = "scapy"
}

@online{ftp,
    author    = "Lubos Rendek",
    title     = "How to configure FTP server on Debian 9 Stretch Linux",
    url       = "https://linuxconfig.org/how-to-configure-ftp-server-on-debian-9-stretch-linux",
    urldate = {2020-11-05},
}

@online{snmp,
    title     = "SNMP - Debian Wiki",
    url       = "https://wiki.debian.org/SNMP",
    urldate = {2020-11-06},
}

@online{smtp,
    title     = "Postfix - Debian Wiki",
    url       = "https://wiki.debian.org/Postfix",
    urldate = {2020-12-04},
}

@online{arp,
    title     = "ARP Spoofing",
    url       = "https://www.ionos.com/digitalguide/server/security/arp-spoofing-attacks-from-the-internal-network/",
    urldate = {2020-11-01},
}

@online{tcp,
    title     = "TCP hijacking",
    url       = "https://www.techrepublic.com/article/tcp-hijacking/",
    urldate = {2020-12-04},
}
